<?xml version="1.0" encoding="UTF-8"?><collection xmlns="http://www.loc.gov/MARC21/slim"><record><leader>00415nam--2200133-i-4500</leader><controlfield tag="001">000015166</controlfield><controlfield tag="002">20161230</controlfield><controlfield tag="005">20161230201031</controlfield><controlfield tag="008">060222s1000------------r-----000-0-eng-d</controlfield><datafield ind1=" " ind2=" " tag="100"><subfield code="a">Davis, E.A.And Moot, N.F</subfield></datafield><datafield ind1=" " ind2=" " tag="245"><subfield code="a">Electronic processes in non-crystalline materials, second edition</subfield></datafield><datafield ind1=" " ind2=" " tag="260"><subfield code="a">Oxford, Clarendon Press, 1979</subfield></datafield><datafield ind1=" " ind2=" " tag="490"><subfield code="a">Rhe International Series Of Monographs On Physics</subfield></datafield><datafield ind1=" " ind2=" " tag="852"><subfield code="a">539.213:53.097</subfield></datafield></record></collection>